
@article{anon._disintegration_1964,
  title = {Disintegration of a Turbulent Jet: Errata},
  author = {{Anon.}},
  date = {1964-11},
  journaltitle = {Journal of the Hydraulics Division},
  volume = {90},
  pages = {273},
  issn = {0044-796X},
  number = {6}
}

@article{berger_initial-value_1988,
  title = {Initial-{{Value Stability Analysis}} of a {{Liquid Jet}}},
  author = {Berger, S. A.},
  date = {1988-10-01},
  journaltitle = {SIAM Journal on Applied Mathematics},
  volume = {48},
  pages = {973--991},
  issn = {0036-1399},
  doi = {10.1137/0148057},
  number = {5}
}
% == BibLateX quality report for berger_initial-value_1988:
% ? Title looks like it was stored in title-case in Zotero
% ? Unused journalAbbreviation: SIAM J. Appl. Math.
% ? Unused libraryCatalog: epubs.siam.org (Atypon)
% ? Unused url: https://epubs.siam.org/doi/abs/10.1137/0148057

@article{chen_disintegration_1964,
  title = {Disintegration of a Turbulent Water Jet},
  author = {Chen, Tsu-Fang and Davis, John R.},
  date = {1964-01},
  journaltitle = {Journal of the Hydraulics Division},
  volume = {90},
  pages = {175--206},
  issn = {0044-796X},
  addendum = {\Erratacite{anon._disintegration_1964}},
  number = {1}
}

@article{krotov_capillary_2001,
  title = {Capillary {{Disintegration}} and {{Confluence}} of {{Jets}} in {{Terms}} of {{Conservation Laws}}},
  author = {Krotov, V. V.},
  date = {2001-03-01},
  journaltitle = {Doklady Physical Chemistry},
  volume = {377},
  pages = {66--70},
  issn = {1608-3121},
  doi = {10.1023/A:1018819915962},
  number = {1}
}
% == BibLateX quality report for krotov_capillary_2001:
% ? Title looks like it was stored in title-case in Zotero
% ? Unused language: en
% ? Unused libraryCatalog: Springer Link
% ? Unused url: https://doi.org/10.1023/A:1018819915962

@article{krotov_experimental_1999,
  title = {Experimental Confirmation of the Effect of Capillary Self-Retardation in a Disintegrating Jet},
  author = {Krotov, V. V. and Pavlov, S. Yu.},
  date = {1999},
  journaltitle = {Colloid journal of the Russian Academy of Sciences},
  volume = {61},
  pages = {126--128},
  issn = {1061-933X},
  number = {1}
}

@article{krotov_four_2006,
  title = {Four Laws of Energy and Momentum Losses during Capillary Jet Disintegration},
  author = {Krotov, V. V.},
  date = {2006-07-01},
  journaltitle = {Colloid Journal},
  volume = {68},
  pages = {451--456},
  issn = {1608-3067},
  doi = {10.1134/S1061933X06040089},
  number = {4}
}

@article{krotov_universal_2006,
  title = {Universal Laws of Capillary Jet Breakup},
  author = {Krotov, V. V.},
  date = {2006-05-01},
  journaltitle = {Doklady Physical Chemistry},
  volume = {408},
  pages = {119--122},
  issn = {1608-3121},
  doi = {10.1134/S0012501606050034},
  number = {1}
}

@book{levich_physicochemical_1962,
  title = {Physicochemical Hydrodynamics},
  author = {Levich, V. G},
  date = {1962},
  publisher = {{Prentice-Hall}},
  location = {{Englewood Cliffs, N.J.}},
  addendum = {{\OCLC{1378432}}},
  pagetotal = {700}
}

@book{panton_incompressible_2013,
  title = {Incompressible Flow},
  author = {Panton, Ronald L},
  date = {2013},
  edition = {4},
  publisher = {{Wiley}},
  location = {{Hoboken, NJ}},
  isbn = {978-1-118-01343-4},
  pagetotal = {878}
}


